<record><leader>00000cas a2200000 a 4500</leader><controlfield tag="001">11207237</controlfield><controlfield tag="008">840928d18621877kyuwr ne      0    0eng d</controlfield><datafield ind1=" " ind2=" " tag="010"><subfield code="a">sn 84027529 </subfield></datafield><datafield ind1=" " ind2=" " tag="040"><subfield code="a">NPU</subfield><subfield code="b">eng</subfield><subfield code="c">NPU</subfield><subfield code="d">NPX</subfield><subfield code="d">KNP</subfield><subfield code="d">OCL</subfield><subfield code="d">OCLCF</subfield><subfield code="d">OCLCO</subfield></datafield><datafield ind1=" " ind2=" " tag="042"><subfield code="a">msc</subfield></datafield><datafield ind1="0" ind2="4" tag="245"><subfield code="a">The Owensboro monitor.</subfield></datafield><datafield ind1="0" ind2="3" tag="246"><subfield code="a">Owensboro weekly monitor</subfield></datafield><datafield ind1=" " ind2=" " tag="260"><subfield code="a">Owensboro, Ky. :</subfield><subfield code="b">H.M. Woodruff,</subfield><subfield code="c">1862-</subfield></datafield><datafield ind1=" " ind2=" " tag="300"><subfield code="a">v. :</subfield><subfield code="b">ill.</subfield></datafield><datafield ind1=" " ind2=" " tag="310"><subfield code="a">Weekly</subfield></datafield><datafield ind1="0" ind2=" " tag="362"><subfield code="a">Vol. 1, no. 1 (Aug. 13, 1862)-</subfield></datafield><datafield ind1="1" ind2=" " tag="362"><subfield code="a">Ceased with Mar. 1, 1877 issue?</subfield><subfield code="z">Cf. Hist. of Daviess Co., Ky., 1883.</subfield></datafield><datafield ind1=" " ind2=" " tag="500"><subfield code="a">"Weekly" appears in title ornament in small type, &lt;1873-1876&gt;.</subfield></datafield><datafield ind1=" " ind2=" " tag="500"><subfield code="a">Erroneous ending dates recorded in Gregory, W.  Amer. newspapers, NIM.</subfield></datafield><datafield ind1=" " ind2=" " tag="500"><subfield code="a">Publishers: H.B. Woodruff, 1862-1864; Woodruff &amp; Pettit, 1864-1868; Pettit &amp; Ashby, 1868-1872; Thomas S. Pettit, 1872-1874; Pettit &amp; Campbell, 1874-&lt;1875&gt;; Robert Campbell, &lt;1876&gt;-1877.</subfield></datafield><datafield ind1=" " ind2=" " tag="500"><subfield code="a">Published every Wednesday.</subfield></datafield><datafield ind1=" " ind2=" " tag="500"><subfield code="a">"Democratic."</subfield></datafield><datafield ind1=" " ind2=" " tag="515"><subfield code="a">Suspended Dec. 22, 1864-May 30, 1865.</subfield></datafield><datafield ind1=" " ind2=" " tag="500"><subfield code="a">Editors: Henry B. Woodruff, 1862-1864; Thomas S. Pettit, 1864-1874; A.L. Ashby, 1868-1872; Robert Campbell, &lt;1876-1877&gt;.</subfield></datafield><datafield ind1=" " ind2="0" tag="651"><subfield code="a">Daviess County (Ky.)</subfield><subfield code="v">Newspapers.</subfield></datafield><datafield ind1=" " ind2="0" tag="651"><subfield code="a">Owensboro (Ky.)</subfield><subfield code="v">Newspapers.</subfield></datafield><datafield ind1=" " ind2="7" tag="655"><subfield code="a">Newspapers.</subfield><subfield code="2">fast</subfield><subfield code="0">(OCoLC)fst01423814</subfield></datafield><datafield ind1=" " ind2="7" tag="651"><subfield code="a">Kentucky</subfield><subfield code="z">Daviess County.</subfield><subfield code="2">fast</subfield><subfield code="0">(OCoLC)fst01234477</subfield></datafield><datafield ind1=" " ind2="7" tag="651"><subfield code="a">Kentucky</subfield><subfield code="z">Owensboro.</subfield><subfield code="2">fast</subfield><subfield code="0">(OCoLC)fst01218443</subfield></datafield><datafield ind1=" " ind2=" " tag="752"><subfield code="a">United States</subfield><subfield code="b">Kentucky</subfield><subfield code="c">Daviess</subfield><subfield code="d">Owensboro.</subfield></datafield></record>